@STRING{a = "Avtometriya"}
@STRING{ao = "Appl. Opt."}
@STRING{arpc= "Annu. Rev. Phys. Chem."}
@STRING{apl = "Appl. Phys. Lett."}
@STRING{bell = "Bell Sys. Tech. J."}
@STRING{el = "Electr. Lett."}
@STRING{etap = "IEEE Transactions of Antennas and Propagation"}
@STRING{i3e = "IEEE J. Quant. Electr."}
@STRING{ipr = "Inverse Probl."}
@STRING{j = "JETP"}
@STRING{rj = "Zh. Eksp. Teor. Fiz."}
@STRING{jl = "JETP Lett."}
@STRING{jlt = " J. Lightwave Technology"}
@STRING{jmo = "J. Mod. Opt."}
@STRING{joa = "J. Opt. A"}
@STRING{josaa = "J. Opt. Soc. Am. A"}
@STRING{josab = "J. Opt. Soc. Am. B"}
@STRING{jos = "J. Opt. Soc. Am."}
@STRING{joc = "J. Opt. Comm."}
@STRING{jmp = "J. Math. Phys."}
@STRING{jpb = "J. Phys. B: At. Mol. Opt. Phys."}
@STRING{jpd = "J. Phys. D: Appl. Phys."}
@STRING{jsiam = "J. SIAM"}
@STRING{jacm = "J. Assoc. Comput. Math."}
@STRING{jt = "Technical Physics"}
@STRING{lp = "Laser Phys."}
@STRING{motl = "Microwave and Opt. Technol.  Lett."}
@STRING{ol = "Optics Letters"}
@STRING{oe = "Optics Express"}
@STRING{oc = "Opt. Commun."}
@STRING{oft = "Opt. Fiber Technol."}
@STRING{os = "Opt. Spektr."}
@STRING{pla = "Phys. Lett. A"}
@STRING{plt = "Photonics Technol. Lett."}
@STRING{pr = "Phys. Rev."}
@STRING{ptl = "IEEE Photonics Technology Lett."}
@STRING{pra = "Phys. Rev. A"}
@STRING{prb = "Phys. Rev. B"}
@STRING{pre = "Phys. Rev. E"}
@STRING{prl = "Phys. Rev. Lett."}
@STRING{prp = "Phys. Rep."}
@STRING{qe = "Kvant. Elektr."}
@STRING{qo = "Quant. Opt."}
@STRING{repprogph = "Reports on Progress in Physics"}
@STRING{sjl = "Pis'ma v Zh. Eksp. Teor. Fiz."}
@STRING{rj = "ÆÝÒÔ"}
@STRING{sj = "Zh. Eksp. Teor. Fiz."}
@STRING{tp = "Technical Physics"}
@STRING{sjas = "Zh. Prikl. Spektr."}
@STRING{ufn = "Usp. Fiz. Nauk"}
@STRING{spie = "Proc. SPIE"}
@STRING{amc = "Appl. Math. and Computation"}

@article{sturman2010transmission,
  title={Transmission and diffraction properties of a narrow slit in a perfect metal},
  author={Sturman, B and Podivilov, E and Gorkunov, M},
  journal={Physical Review B},
  volume={82},
  number={11},
  pages={115419},
  year={2010},
  publisher={APS}
}
@article{gorkunov2011transmission,
  title={Transmission and scattering properties of subwavelength slits in metals},
  author={Gorkunov, M and Podivilov, E and Sturman, B},
  journal={Physical Review B},
  volume={83},
  number={3},
  pages={035414},
  year={2011},
  publisher={APS}
}
@article{Shapiro16,
author = {David Shapiro and Daniel Nies and Oleg Belai and Matthias Wurm and Vladimir Nesterov},
journal = {Opt. Express},
number = {14},
pages = {15972--15977},
title = {Optical field and attractive force at the subwavelength slit},
volume = {24},
year = {2016},
}

@article{grier2003revolution,
  title={A revolution in optical manipulation},
  author={Grier, David G},
  journal={nature},
  volume={424},
  number={6950},
  pages={810},
  year={2003},
  publisher={Nature Publishing Group}
}
@article{Frumin11,
  author={V. Nesterov and L. Frumin and E. Podivilov},
  title={Negative light pressure force between two metal bodies separated by a subwavelength slit},
  journal={EPL (Europhysics Letters)},
  volume={94},
  number={6},
  pages={64002},
  year={2011},
}

